<?xml version="1.0" encoding="UTF-8"?><collection xmlns="http://www.loc.gov/MARC21/slim"><record><leader>00334nam--2200121-i-4500</leader><controlfield tag="001">000029435</controlfield><controlfield tag="002">20161230</controlfield><controlfield tag="005">20161230201037</controlfield><controlfield tag="008">060222s1000------------r-----000-0-eng-d</controlfield><datafield ind1=" " ind2=" " tag="100"><subfield code="a">Moller, C</subfield></datafield><datafield ind1=" " ind2=" " tag="245"><subfield code="a">Lectures on elementary s-matrix theory</subfield></datafield><datafield ind1=" " ind2=" " tag="260"><subfield code="a">Copenhagen, Nordisk Inst.For Teoretisk Atomfysik, 1958/1959, 124p</subfield></datafield><datafield ind1=" " ind2=" " tag="852"><subfield code="a">16421</subfield></datafield></record></collection>